@misc{bapat2020einsteinpy,
    title={EinsteinPy: A Community Python Package for General Relativity},
    author={Shreyas Bapat and Ritwik Saha and Bhavya Bhatt and Shilpi Jain and Akshita Jain and Sofía Ortín Vela and Priyanshu Khandelwal and Jyotirmaya Shivottam and Jialin Ma and Gim Seng Ng and Pratyush Kerhalkar and Hrishikesh Sudam Sarode and Rishi Sharma and Manvi Gupta and Divya Gupta and Tushar Tyagi and Tanmay Rustagi and Varun Singh and Saurabh Bansal and Naman Tayal and Abhijeet Manhas and Raphael Reyna and Gaurav Kumar and Govind Dixit and Ratin Kumar and Sashank Mishra and Alpesh Jamgade and Raahul Singh and Rohit Sanjay and Khalid Shaikh and Bhavam Vidyarthi and Shamanth R Nayak K and Vineet Gandham and Nimesh Vashistha and Arnav Das and Saurabh and Shreyas Kalvankar and Ganesh Tarone and Atul Mangat and Suyog Garg and Bibek Gautam and Sitara Srinivasan and Aayush Gautam and Swaastick Kumar Singh and Suyash Salampuria and Zac Yauney and Nihar Gupte and Gagan Shenoy and Micky Yun Chan},
    year={2020},
    eprint={2005.11288},
    archivePrefix={arXiv},
    primaryClass={gr-qc}
}

@misc{kalvankar2020galaxy,
    title={Galaxy Morphology Classification using EfficientNet Architectures},
    author={Shreyas Kalvankar and Hrushikesh Pandit and Pranav Parwate},
    year={2020},
    eprint={2008.13611},
    archivePrefix={arXiv},
    primaryClass={cs.CV}
}
